% This file was created with JabRef 2.3b2.
% Encoding: Cp1252


@article{encode2012integrated,
	title={An integrated encyclopedia of DNA elements in the human genome},
	author={ENCODE Project Consortium and others},
	journal={Nature},
	volume={489},
	number={7414},
	pages={57--74},
	year={2012},
	publisher={Nature Publishing Group}
}

@article{kundaje2015integrative,
	title={Integrative analysis of 111 reference human epigenomes},
	author={Kundaje, Anshul and Meuleman, Wouter and Ernst, Jason and Bilenky, Misha and Yen, Angela and Heravi-Moussavi, Alireza and Kheradpour, Pouya and Zhang, Zhizhuo and Wang, Jianrong and Ziller, Michael J and others},
	journal={Nature},
	volume={518},
	number={7539},
	pages={317--330},
	year={2015},
	publisher={Nature Research}
}

@article{rosenbloom2013encode,
	title={ENCODE data in the UCSC Genome Browser: year 5 update},
	author={Rosenbloom, Kate R and Sloan, Cricket A and Malladi, Venkat S and Dreszer, Timothy R and Learned, Katrina and Kirkup, Vanessa M and Wong, Matthew C and Maddren, Morgan and Fang, Ruihua and Heitner, Steven G and others},
	journal={Nucleic acids research},
	volume={41},
	number={D1},
	pages={D56--D63},
	year={2013},
	publisher={Oxford Univ Press}
}

@article{sandve2010genomic,
	title={The Genomic HyperBrowser: inferential genomics at the sequence level},
	author={Sandve, Geir K and Gundersen, Sveinung and Rydbeck, Halfdan and Glad, Ingrid K and Holden, Lars and Holden, Marit and Liest{\o}l, Knut and Clancy, Trevor and Ferkingstad, Egil and Johansen, Morten and others},
	journal={Genome biology},
	volume={11},
	number={12},
	pages={R121},
	year={2010},
	publisher={BioMed Central}
}

@article{gundersen2011identifying,
	title={Identifying elemental genomic track types and representing them uniformly},
	author={Gundersen, Sveinung and Kala{\v{s}}, Mat{\'u}{\v{s}} and Abul, Osman and Frigessi, Arnoldo and Hovig, Eivind and Sandve, Geir Kjetil},
	journal={BMC bioinformatics},
	volume={12},
	number={1},
	pages={494},
	year={2011},
	publisher={BioMed Central}
}

@article{huber2015orchestrating,
	title={Orchestrating high-throughput genomic analysis with Bioconductor},
	author={Huber, Wolfgang and Carey, Vincent J and Gentleman, Robert and Anders, Simon and Carlson, Marc and Carvalho, Benilton S and Bravo, Hector Corrada and Davis, Sean and Gatto, Laurent and Girke, Thomas and others},
	journal={Nature methods},
	volume={12},
	number={2},
	pages={115--121},
	year={2015},
	publisher={Nature Research}
}

@article{quinlan2010bedtools,
	title={BEDTools: a flexible suite of utilities for comparing genomic features},
	author={Quinlan, Aaron R and Hall, Ira M},
	journal={Bioinformatics},
	volume={26},
	number={6},
	pages={841--842},
	year={2010},
	publisher={Oxford Univ Press}
}

@techreport{ferkingstad2013monte,
	title={Monte Carlo null models in ecology},
	author={Ferkingstad, Egil and Holden, L and Sandve, GK},
	year={2013},
	institution={Technical Report No. SAMBA/20/13, Norwegian Computing Center. Available at http://publications. nr. no/1370000051/NullModelsEcology-Ferkingstad. pdf}
}

@article{ferkingstad2015monte,
	title={Monte carlo null models for genomic data},
	author={Ferkingstad, Egil and Holden, Lars and Sandve, Geir Kjetil and others},
	journal={Statistical Science},
	volume={30},
	number={1},
	pages={59--71},
	year={2015},
	publisher={Institute of Mathematical Statistics}
}

@article{goecks2010galaxy,
	title={Galaxy: a comprehensive approach for supporting accessible, reproducible, and transparent computational research in the life sciences},
	author={Goecks, Jeremy and Nekrutenko, Anton and Taylor, James},
	journal={Genome biology},
	volume={11},
	number={8},
	pages={R86},
	year={2010},
	publisher={BioMed Central}
}

@article{bickel2010subsampling,
	title={Subsampling methods for genomic inference},
	author={Bickel, Peter J and Boley, Nathan and Brown, James B and Huang, Haiyan and Zhang, Nancy R},
	journal={The Annals of Applied Statistics},
	pages={1660--1697},
	year={2010},
	publisher={JSTOR}
}
@article{sandve2013genomic,
	title={The Genomic HyperBrowser: an analysis web server for genome-scale data},
	author={Sandve, Geir K and Gundersen, Sveinung and Johansen, Morten and Glad, Ingrid K and Gunathasan, Krishanthi and Holden, Lars and Holden, Marit and Liest{\o}l, Knut and Nyg{\aa}rd, St{\aa}le and Nygaard, Vegard and others},
	journal={Nucleic acids research},
	volume={41},
	number={W1},
	pages={W133--W141},
	year={2013},
	publisher={Oxford Univ Press}
}

@article{simovski2017gsuite,
	title={GSuite HyperBrowser: integrative analysis of dataset collections across the genome and epigenome},
	author={Simovski, Boris and Vod{\'a}k, Daniel and Gundersen, Sveinung and Domanska, Diana and Azab, Abdulrahman and Holden, Lars and Holden, Marit and Grytten, Ivar and Rand, Knut and Drabl{\o}s, Finn and others},
	journal={GigaScience},
	pages={gix032},
	year={2017},
	publisher={Oxford University Press}
}

@article{drasgow1988polychoric,
	title={Polychoric and polyserial correlations},
	author={Drasgow, Fritz},
	journal={Encyclopedia of statistical sciences},
	year={1988},
	publisher={Wiley Online Library}
}

@article{olsson1979maximum,
	title={Maximum likelihood estimation of the polychoric correlation coefficient},
	author={Olsson, Ulf},
	journal={Psychometrika},
	volume={44},
	number={4},
	pages={443--460},
	year={1979},
	publisher={Springer}
}

@article{pearson1896mathematical,
	title={Mathematical contributions to the theory of evolution. III. Regression, heredity, and panmixia},
	author={Pearson, Karl},
	journal={Philosophical Transactions of the Royal Society of London. Series A, containing papers of a mathematical or physical character},
	volume={187},
	pages={253--318},
	year={1896},
	publisher={JSTOR}
}

@article{jaccard1901etude,
	title={{\'E}tude comparative de la distribution florale dans une portion des Alpes et des Jura},
	author={Jaccard, Paul},
	journal={Bull Soc Vaudoise Sci Nat},
	volume={37},
	pages={547--579},
	year={1901}
}

@book{forbes1907local,
	title={On the local distribution of certain Illinois fishes: an essay in statistical ecology},
	author={Forbes, Stephen A},
	volume={7},
	year={1907},
	publisher={Illinois State Laboratory of Natural History}
}

@article{fox2010polycor,
	title={Polycor: polychoric and polyserial correlations. R package version 0.7-8},
	author={Fox, John},
	journal={Online [URL] http://www. cran. r-project. org/web/packages/polycor/index. html (Accessed on 31 August 2010)},
	year={2010}
}

@article{team2000r,
	title={R language definition},
	author={Team, R Core},
	journal={Vienna, Austria: R foundation for statistical computing},
	year={2000}
}

@article{goecks2010galaxy,
	title={Galaxy: a comprehensive approach for supporting accessible, reproducible, and transparent computational research in the life sciences},
	author={Goecks, Jeremy and Nekrutenko, Anton and Taylor, James},
	journal={Genome biology},
	volume={11},
	number={8},
	pages={R86},
	year={2010},
	publisher={BioMed Central}
}

@article{hamedani1975determination,
	title={On the determination of the bivariate normal distribution from distributions of linear combinations of the variables},
	author={Hamedani, GG and Tata, MN},
	journal={American Mathematical Monthly},
	pages={913--915},
	year={1975},
	publisher={JSTOR}
}


@comment{jabref-meta: selector_publisher:}

@comment{jabref-meta: selector_author:}

@comment{jabref-meta: selector_journal:}

@comment{jabref-meta: selector_keywords:}